<record><leader>00000cas a2200000 a 4500</leader><controlfield tag="001">6096805</controlfield><controlfield tag="008">800317d19691987nyudn ne      0   a0eng d</controlfield><datafield ind1=" " ind2=" " tag="010"><subfield code="a">sn 86071761 </subfield></datafield><datafield ind1=" " ind2=" " tag="040"><subfield code="a">YHM</subfield><subfield code="b">eng</subfield><subfield code="c">YHM</subfield><subfield code="d">NYS</subfield><subfield code="d">DLC</subfield><subfield code="d">NSD</subfield><subfield code="d">NYS</subfield><subfield code="d">OCLCQ</subfield><subfield code="d">OCLCF</subfield><subfield code="d">OCLCO</subfield></datafield><datafield ind1=" " ind2=" " tag="012"><subfield code="j">0</subfield><subfield code="m">1</subfield></datafield><datafield ind1="1" ind2=" " tag="022"><subfield code="a">0890-0310</subfield><subfield code="l">0890-0310</subfield><subfield code="2">1</subfield></datafield><datafield ind1="1" ind2=" " tag="029"><subfield code="a">AU@</subfield><subfield code="b">000025791142</subfield></datafield><datafield ind1="1" ind2=" " tag="029"><subfield code="a">NZ1</subfield><subfield code="b">16077042</subfield></datafield><datafield ind1=" " ind2=" " tag="032"><subfield code="a">654520</subfield><subfield code="b">USPS</subfield></datafield><datafield ind1=" " ind2=" " tag="042"><subfield code="a">msc</subfield><subfield code="a">nsdp</subfield></datafield><datafield ind1="0" ind2="0" tag="050"><subfield code="a">Newspaper</subfield></datafield><datafield ind1="0" ind2=" " tag="130"><subfield code="a">Daily press (Utica, N.Y.)</subfield></datafield><datafield ind1=" " ind2="4" tag="222"><subfield code="a">The Daily press</subfield><subfield code="b">(Utica, N.Y.)</subfield></datafield><datafield ind1="0" ind2="4" tag="245"><subfield code="a">The daily press.</subfield></datafield><datafield ind1="3" ind2="0" tag="246"><subfield code="a">Saturday observer-dispatch and daily press</subfield></datafield><datafield ind1="3" ind2="0" tag="246"><subfield code="a">Saturday observer dispatch and daily press</subfield></datafield><datafield ind1="3" ind2="0" tag="246"><subfield code="a">Saturday observer-dispatch &amp; daily press</subfield></datafield><datafield ind1="3" ind2="0" tag="246"><subfield code="a">Saturday observer dispatch &amp; daily press</subfield></datafield><datafield ind1=" " ind2=" " tag="260"><subfield code="a">Utica, N.Y. :</subfield><subfield code="b">Utica Observer Dispatch,</subfield><subfield code="c">1969-1987.</subfield></datafield><datafield ind1=" " ind2=" " tag="300"><subfield code="a">v. :</subfield><subfield code="b">ill. ;</subfield><subfield code="c">58 cm.</subfield></datafield><datafield ind1=" " ind2=" " tag="310"><subfield code="a">Daily except Sunday</subfield></datafield><datafield ind1="0" ind2=" " tag="362"><subfield code="a">Sept. 29, 1969-Mar. 28, 1987.</subfield></datafield><datafield ind1=" " ind2=" " tag="500"><subfield code="a">Saturday issue called: Saturday observer-dispatch and daily press, &lt;Jan. 4&gt;-May 17, 1986; and: Saturday observer-dispatch &amp; daily press, May 14, 1986-Mar. 28, 1987.</subfield></datafield><datafield ind1=" " ind2="0" tag="651"><subfield code="a">Utica (N.Y.)</subfield><subfield code="v">Newspapers.</subfield></datafield><datafield ind1=" " ind2="0" tag="651"><subfield code="a">Oneida County (N.Y.)</subfield><subfield code="v">Newspapers.</subfield></datafield><datafield ind1=" " ind2="7" tag="655"><subfield code="a">Newspapers.</subfield><subfield code="2">fast</subfield><subfield code="0">(OCoLC)fst01423814</subfield></datafield><datafield ind1=" " ind2="7" tag="651"><subfield code="a">New York (State)</subfield><subfield code="z">Oneida County.</subfield><subfield code="2">fast</subfield><subfield code="0">(OCoLC)fst01209049</subfield></datafield><datafield ind1=" " ind2="7" tag="651"><subfield code="a">New York (State)</subfield><subfield code="z">Utica.</subfield><subfield code="2">fast</subfield><subfield code="0">(OCoLC)fst01207805</subfield></datafield><datafield ind1=" " ind2=" " tag="752"><subfield code="a">United States</subfield><subfield code="b">New York</subfield><subfield code="c">Oneida</subfield><subfield code="d">Utica.</subfield></datafield><datafield ind1="0" ind2="0" tag="780"><subfield code="t">Utica daily press</subfield><subfield code="w">(DLC)sn 85054322</subfield><subfield code="w">(OCoLC)11772174</subfield></datafield><datafield ind1="0" ind2="4" tag="785"><subfield code="t">Observer-dispatch</subfield><subfield code="w">(DLC)sn 84031099</subfield><subfield code="w">(OCoLC)10886202</subfield></datafield></record>